<record><leader>00000cas a22000007a 4500</leader><controlfield tag="001">12720219</controlfield><controlfield tag="008">851025d18781880iauwr ne      0    0eng d</controlfield><datafield ind1=" " ind2=" " tag="010"><subfield code="a">sn 85050956 </subfield></datafield><datafield ind1=" " ind2=" " tag="040"><subfield code="a">INP</subfield><subfield code="b">eng</subfield><subfield code="c">INP</subfield><subfield code="d">OCL</subfield><subfield code="d">OCLCQ</subfield></datafield><datafield ind1=" " ind2=" " tag="042"><subfield code="a">msc</subfield></datafield><datafield ind1="0" ind2="4" tag="245"><subfield code="a">The Ackley times.</subfield></datafield><datafield ind1="3" ind2="0" tag="246"><subfield code="a">Times</subfield></datafield><datafield ind1=" " ind2=" " tag="260"><subfield code="a">Ackley, Iowa :</subfield><subfield code="b">Linehan &amp; Esser</subfield></datafield><datafield ind1=" " ind2=" " tag="300"><subfield code="a">v. :</subfield><subfield code="b">ill. (chiefly advertisements) ;</subfield><subfield code="c">55 cm.</subfield></datafield><datafield ind1=" " ind2=" " tag="310"><subfield code="a">Weekly</subfield></datafield><datafield ind1="1" ind2=" " tag="362"><subfield code="a">Issued 1878-1880.</subfield><subfield code="z">Cf. Bibl. of Iowa newspapers.</subfield></datafield><datafield ind1=" " ind2=" " tag="500"><subfield code="a">"Pledged but to truth, to liberty and law, no favor sways us, and no fear shall awe," &lt;Aug. 4, 1880&gt;.</subfield></datafield><datafield ind1=" " ind2=" " tag="500"><subfield code="a">Editors: F.M. Linehan &amp; Fred Esser, &lt;Aug. 4, 1880&gt;.</subfield></datafield><datafield ind1=" " ind2=" " tag="588"><subfield code="a">Description based on: Vol. 3, no. 12 (Aug. 4, 1880).</subfield></datafield><datafield ind1=" " ind2=" " tag="752"><subfield code="a">United States</subfield><subfield code="b">Iowa</subfield><subfield code="c">Hardin</subfield><subfield code="d">Ackley.</subfield></datafield></record>